@article{en01,
  title        = {Frame reconstruction in the presence of noise},
  author       = {Aldroubi, A and Sun, Q},
  journal      = {preprint}
}
@article{en02,
  title        = {Optimal linear transmission by loss-insensitive packet encoding},
  author       = {Bodmann, Bernhard G},
  year         = 2007,
  journal      = {Applied and Computational Harmonic Analysis},
  publisher    = {Elsevier},
  volume       = 22,
  number       = 3,
  pages        = {274--285}
}
@article{en03,
  title        = {Frames, graphs and erasures},
  author       = {Bodmann, Bernhard G and Paulsen, Vern I},
  year         = 2005,
  journal      = {Linear algebra and its applications},
  publisher    = {Elsevier},
  volume       = 404,
  pages        = {118--146}
}
@article{en04,
  title        = {Frame paths and error bounds for sigma--delta quantization},
  author       = {Bodmann, Bernhard G and Paulsen, Vern I},
  year         = 2007,
  journal      = {Applied and Computational Harmonic Analysis},
  publisher    = {Elsevier},
  volume       = 22,
  number       = 2,
  pages        = {176--197}
}
@article{en05,
  title        = {Frames for Banach spaces},
  author       = {Casazza, Peter G and Han, Deguang and Larson, David R},
  year         = 1999,
  journal      = {Contemporary Mathematics},
  publisher    = {Providence, RI: American Mathematical Society},
  volume       = 247,
  pages        = {149--182}
}
@article{en06,
  title        = {Equal-norm tight frames with erasures},
  author       = {Casazza, Peter G and Kova{\v{c}}evi{\'c}, Jelena},
  year         = 2003,
  journal      = {Advances in Computational Mathematics},
  publisher    = {Springer},
  volume       = 18,
  number       = 2,
  pages        = {387--430}
}
@article{en07,
  title        = {Geometrically uniform frames},
  author       = {Eldar, Yonina C and Bolcskei, Helmut},
  year         = 2003,
  journal      = {IEEE Transactions on Information Theory},
  publisher    = {IEEE},
  volume       = 49,
  number       = 4,
  pages        = {993--1006}
}
@article{en08,
  title        = {Frame representations for group-like unitary operator systems},
  author       = {Gabardo, Jean-Pierre and Han, Deguang},
  year         = 2003,
  journal      = {Journal of Operator Theory},
  publisher    = {JSTOR},
  pages        = {223--244}
}
@article{en09,
  title        = {The uniqueness of the dual of Weyl--Heisenberg subspace frames},
  author       = {Gabardo, Jean-Pierre and Han, Deguang},
  year         = 2004,
  journal      = {Applied and Computational Harmonic Analysis},
  publisher    = {Elsevier},
  volume       = 17,
  number       = 2,
  pages        = {226--240}
}
@article{en10,
  title        = {Quantized frame expansions with erasures},
  author       = {Goyal, Vivek K and Kova{\v{c}}evi{\'c}, Jelena and Kelner, Jonathan A},
  year         = 2001,
  journal      = {Applied and Computational Harmonic Analysis},
  publisher    = {Elsevier},
  volume       = 10,
  number       = 3,
  pages        = {203--233}
}
@article{en11,
  title        = {Classification of finite group-frames and super-frames},
  author       = {Han, Deguang},
  year         = 2007,
  journal      = {Canadian Mathematical Bulletin},
  publisher    = {Cambridge University Press},
  volume       = 50,
  number       = 1,
  pages        = {85--96}
}
@article{en12,
  title        = {Approximations for Gabor and wavelet frames},
  author       = {Han, Deguang},
  year         = 2003,
  journal      = {Transactions of the American Mathematical Society},
  volume       = 355,
  number       = 8,
  pages        = {3329--3342}
}
@article{en13,
  title        = {Frame representations and Parseval duals with applications to Gabor frames},
  author       = {Han, Deguang},
  year         = 2008,
  journal      = {Transactions of the American Mathematical Society},
  volume       = 360,
  number       = 6,
  pages        = {3307--3326}
}
@book{en14,
  title        = {Frames, bases and group representations},
  author       = {Han, Deguang and Larson, David R},
  year         = 2000,
  publisher    = {American Mathematical Soc.},
  volume       = 697
}
@article{en15,
  title        = {Optimal frames for erasures},
  author       = {Holmes, Roderick B and Paulsen, Vern I},
  year         = 2004,
  journal      = {Linear Algebra and its Applications},
  publisher    = {Elsevier},
  volume       = 377,
  pages        = {31--51}
}
@article{en16,
  title        = {Complex equiangular cyclic frames and erasures},
  author       = {Kalra, Deepti},
  year         = 2006,
  journal      = {Linear Algebra and its Applications},
  publisher    = {Elsevier},
  volume       = 419,
  number       = {2-3},
  pages        = {373--399}
}
@article{en17,
  title        = {Grassmannian frames with applications to coding and communication},
  author       = {Strohmer, Thomas and Heath Jr, Robert W},
  year         = 2003,
  journal      = {Applied and computational harmonic analysis},
  publisher    = {Elsevier},
  volume       = 14,
  number       = 3,
  pages        = {257--275}
}
